
@misc{ wiki:latex,
	author = "Wikipedia",
	title = "LaTeX --- Wikipedia{,} La enciclopedia libre",
	year = "2015",
	url = "https://es.wikipedia.org/w/index.php?title=LaTeX&oldid=84209252",
	note = "[Internet; descargado 2-junio-2019]"
}

@misc{ python,
	author = "Python",
	title = "What is Python? Executive Summary",
	url = "https://www.python.org/doc/essays/blurb/",
	note = "[Internet; descargado 2-junio-2019]"
}

@misc{ wiki:git,
	author = "{Wikipedia contributors}",
	title = "Git --- {Wikipedia}{,} The Free Encyclopedia",
	year = "2019",
	url = "https://en.wikipedia.org/w/index.php?title=Git&oldid=899377107",
	note = "[Online; accessed 2-June-2019]"
}

@misc{ wiki:github,
	author = "{Wikipedia contributors}",
	title = "GitHub --- {Wikipedia}{,} The Free Encyclopedia",
	year = "2019",
	url = "https://en.wikipedia.org/w/index.php?title=GitHub&oldid=899955364",
	note = "[Online; accessed 2-June-2019]"
}

@misc{ wiki:jupyter,
	author = "{Wikipedia contributors}",
	title = "Project Jupyter --- {Wikipedia}{,} The Free Encyclopedia",
	year = "2019",
	url = "https://en.wikipedia.org/w/index.php?title=Project_Jupyter&oldid=896149570",
	note = "[Online; accessed 2-June-2019]"
}

@misc{ wiki:ssh,
	author = "Wikipedia",
	title = "Secure Shell --- Wikipedia{,} La enciclopedia libre",
	year = "2018",
	url = "https://es.wikipedia.org/w/index.php?title=Secure_Shell&oldid=112882251",
	note = "[Internet; descargado 2-junio-2019]"
}

@misc{ wiki:ftp,
	author = "Wikipedia",
	title = "Protocolo de transferencia de archivos --- Wikipedia{,} La enciclopedia libre",
	year = "2019",
	url = "https://es.wikipedia.org/w/index.php?title=Protocolo_de_transferencia_de_archivos&oldid=116462588",
	note = "[Internet; descargado 2-junio-2019]"
}








@book{koza,
	author    = "Koza, John R.",
	title     = "Genetic Programming: On the Programming of Computers by Means of Natural Selection",
	publisher = "MIT Press",
	year      = "1992"
}

@article{bortolot2005,
	title={Estimating forest biomass using small footprint LiDAR data: An individual tree-based approach that incorporates training data},
	author={Bortolot, Zachary J and Wynne, Randolph H},
	journal={ISPRS Journal of Photogrammetry and Remote Sensing},
	volume={59},
	number={6},
	pages={342--360},
	year={2005},
	publisher={Elsevier}
}